@book{askedal1973,
	author		= {John O. Askedal},
	title		= {Neutrum Plural mit persönlichem Bezug im Deutschen unter Berücksichtigung des germanischen Ursprungs},
	publisher	= {Universitetsforlaget},
	location	= {Trondheim},
	date		= {1973},
	series		= {Germanistische Schriftenreihe der norwegischen Universitäten und Hochschulen},
	number		= {4},
	gender		= {sm},
	langid		= {german},
}

@article{askedal1974,
	author		= {John O. Askedal},
	title		= {Zum mhd.\ \enquote{korrelativen Bindewort} \mkbibitalic{beidiu/beide \dots\ und\mkbibparens{e}}},
	journaltitle	= {Norwegian Journal of Linguistics},
	volume		= {28},
	number		= {1},
	date		= {1974},
	gender		= {sm},
	langid		= {german},
}

@article{beckerschallert2021,
	author		= {Carsten Becker and Oliver Schallert},
	title		= {Areal variation in {M}iddle {H}igh {G}erman},
	subtitle	= {A perspective from charters},
	journaltitle	= {North-Western European Language Evolution},
	volume		= {74},
	number		= {2},
	issuetitle	= {Historical {G}erman morphosyntax},
	date		= {2021},
	pages		= {199--241},
	doi			= {10.1075/nowele.00057.bec},	
	gender		= {pm},
	langid		= {english},
}

@article{beckerschallert2022b,
	author		= {Carsten Becker and Oliver Schallert},
	title		= {Urkunden als Quelle \mkbibparens{schreib-}\allowbreak{}sprach\-land\-schaft\-licher Variation},
	subtitle	= {Bestandsaufnahme und Perspektiven},
	journaltitle	= {Zeitschrift für deutsches Altertum und deutsche Literatur},
	volume		= {151},
	number		= {2},
	date		= {2022},
	pages		= {143--178},
	doi			= {10.3813/zfda-2022-0005},
	gender		= {pm},
	langid		= {german},
}

@book{behaghel1923,
	author		= {Otto Behaghel},
	title		= {Die Wortklassen und Wortformen},
	subtitle	= {A.~Nomen.\ Pronomen},
	volume		= {1},
	date		= {1923},
	maintitle	= {Deutsche Syntax},
	mainsubtitle	= {Eine geschichtliche Darstellung},
	series		= {Germanische Bibliothek, I. Sammlung germanischer Elemen\-tar- und Handbücher, I. Reihe: Grammatiken},
	number		= {10},
	location	= {Heidelberg},
	publisher	= {Carl Winter},
	gender		= {sm},
	langid		= {german},
}

@book{behaghel1928,
	author		= {Otto Behaghel},
	title		= {Die Satzgebilde},
	volume		= {3},
	date		= {1928},
	maintitle	= {Deutsche Syntax},
	mainsubtitle	= {Eine geschichtliche Darstellung},
	series		= {Germanische Bibliothek, I. Sammlung germanischer Elemen\-tar- und Handbücher, I. Reihe: Grammatiken},
	number		= {10},
	location	= {Heidelberg},
	publisher	= {Carl Winter},
	gender		= {sm},
	langid		= {german},
}

@book{braune2018,
	maintitle	= {Althochdeutsche Grammatik},
	series		= {Sammlung kurzer Grammatiken germanischer Dialekte, A. Hauptreihe},
	number		= {5},
	author		= {Wilhelm Braune and Frank Heidermanns},
	edition		= {16},
	title		= {Laut- und Formenlehre},
	volume		= {1},
	number		= {5},
	location	= {Berlin},
	publisher	= {De Gruyter},
	date		= {2018},
	doi			= {10.1515/9783110515114},
	gender		= {sm},
	langid		= {german},
}

@book{bresnan2001,
	author		= {Joan Bresnan},
	title		= {Lexical-functional syntax},
	location	= {Oxford},
	publisher	= {Blackwell},
	date		= {2001},
	series		= {Blackwell Textbooks in Linguistics},
	number		= {16},
	gender		= {sf},
	langid		= {english},
}

@book{bresnanetal2016,
	author		= {Joan Bresnan and Ash Asudeh and Ida Toivonen and Stephen Wechsler},
	title		= {Lexical-functional syntax},
	edition		= {2},
	location	= {Chichester},
	publisher	= {Wiley--Blackwell},
	date		= {2016},
	series		= {Blackwell Textbooks in Linguistics},
	number		= {16},
	gender		= {pp},
	langid		= {english},
}

@online{cao-online,
	editor		= {Kurt Gärtner and Andrea Rapp and Andreas Gniffke},
	title		= {Corpus der altdeutschen Originalurkunden bis zum Jahr 1300},
	titleaddon	= {Elektronische Edition},
	organization	= {Universität Trier},
	date		= {2007},
	url			= {http://tcdh01.uni-trier.de/cgi-bin/iCorpus/CorpusIndex.tcl},
	urldate		= {2015-09-23},
	gender		= {pp},
	langid		= {german},
}

@collection{cao1,
	editor		= {Friedrich Wilhelm},
	maintitle	= {Corpus der altdeutschen Originalurkunden bis zum Jahr 1300},
	title		= {1200--1282},
	subtitle	= {Nr. 1--564},
	shorttitle	= {CAO~1},
	shorthand	= {CAO~1},
	volume		= {1},
	location	= {Lahr},
	publisher	= {Moritz Schauenburg},
	date		= {1932},
	gender		= {sm},
	langid		= {german},
}

@collection{cao2,
	editor		= {Richard Newald},
	maintitle	= {Corpus der altdeutschen Originalurkunden bis zum Jahr 1300},
	title		= {1283--1292},
	subtitle	= {Nr. 565--1657},
	shorttitle	= {CAO~2},
	shorthand	= {CAO~2},
	volume		= {2},
	location	= {Lahr},
	publisher	= {Moritz Schauenburg},
	date		= {1943},
	gender		= {sm},
	langid		= {german},
}

@collection{cao3,
	editor		= {Helmut de Boor and Diether Haacke},
	maintitle	= {Corpus der altdeutschen Originalurkunden bis zum Jahr 1300},
	title		= {1293--1296},
	subtitle	= {Nr.~1658--2559},
	shorttitle	= {CAO~3},
	shorthand	= {CAO~3},
	volume		= {3},
	location	= {Lahr},
	publisher	= {Moritz Schauenburg},
	date		= {1957},
	gender		= {pm},
	langid		= {german},
}

@collection{cao4,
	editor		= {Helmut de Boor and Diether Haacke},
	maintitle	= {Corpus der altdeutschen Originalurkunden bis zum Jahr 1300},
	title		= {1297--[Ende 13.~Jahrhundert]},
	subtitle	= {Nr.~2560--3598},
	shorttitle	= {CAO~4},
	shorthand	= {CAO~4},
	volume		= {4},
	location	= {Lahr},
	publisher	= {Moritz Schauenburg},
	date		= {1963},
	gender		= {pm},
	langid		= {german},
}

@collection{cao5,
	editor		= {Helmut de Boor and Diether Haacke and Bettina Kirschstein},
	maintitle	= {Corpus der altdeutschen Originalurkunden bis zum Jahr 1300},
	title		= {Nachtragsurkunden 1261--1297},
	subtitle	= {Nr. N\,1 \mkbibparens{54a}--N\,824 \mkbibparens{2578a}},
	shorttitle	= {CAO~5},
	shorthand	= {CAO~5},
	volume		= {5},
	location	= {Berlin},
	publisher	= {Erich Schmidt},
	date		= {2004},
	gender		= {pp},
	langid		= {german},
}

@collection{caor,
	editor		= {Helmut de Boor and Diether Haacke},
	title		= {Regesten zu den Bänden I--IV},
	subtitle	= {Nr.~1--3598},
	location	= {Lahr},
	publisher	= {Moritz Schauenburg},
	date		= {1963},
	gender		= {pm},
	langid		= {german},
}

@article{chincaetal2019a,
	author		= {Mark Chinca and Helen Hunter and Christopher Young},
	title		= {The \enquote*{Kaiserchronik} and its three recensions},
	journaltitle	= {Zeitschrift für deutsches Altertum und deutsche Literatur},
	volume		= {148},
	number		= {2},
	date		= {2019},
	pages		= {141--208},
	doi			= {10.3813/zfda-2019-0006},
	gender		= {pp},
	langid		= {english},
}

@article{chincaetal2019b,
	author		= {Mark Chinca and Helen Hunter and Jürgen Wolf and Christopher Young},
	title		= {Kaiserchronik -- digital},
	journaltitle	= {Zeitschrift für deutsches Altertum und deutsche Literatur},
	volume		= {148},
	number		= {2},
	date		= {2019},
	pages		= {285--288},
	doi			= {10.3813/zfda-2019-0010},
	gender		= {pp},
	langid		= {english},
}

@article{corbett1979,
	author		= {Greville G. Corbett},
	title		= {The agreement hierarchy},
	journaltitle	= {Journal of Linguistics},
	volume		= {15},
	number		= {2},
	date		= {1979},
	pages		= {203--224},
	doi			= {10.1017/S0022226700016352},
	gender		= {sm},
	langid		= {english},
}

@incollection{corbett1983,
	author		= {Greville G. Corbett},
	title		= {Resolution rules},
	subtitle	= {Agreement in person, number, and gender},
	editor		= {Gerald Gazdar and Ewan Klein and Geoffrey K. Pullum},
	booktitle	= {Order, concord and constituency},
	location	= {Dordrecht},
	publisher	= {Foris},
	date		= {1983},
	series		= {Linguistic Models},
	number		= {4},
	pages		= {175--206},
	gender		= {sm},
	langid		= {english},
}

@book{corbett1991,
	author		= {Greville G. Corbett},
	title		= {Gender},
	location	= {Cambridge},
	publisher	= {Cambridge University Press},
	date		= {1991},
	series		= {Cambridge Textbooks in Linguistics},
	doi			= {10.1017/CBO9781139166119},
	gender		= {sm},
	langid		= {english},
}

@incollection{corbett1999,
	author		= {Greville G. Corbett and Norman M. Fraser},
	title		= {Default genders},
	editor		= {Barbara Unterbeck and Matti Rissanen and Terttu Nevalainen and Mirja Saari},
	booktitle	= {Approaches to gender},
	title		= {Gender in grammar and cognition},
	location	= {Berlin},
	publisher	= {Mouton De Gruyter},
	date		= {2000},
	series		= {Trends in Linguistics, Studies and Monographs},
	number		= {124},
	volume		= {1},
	pages		= {55--97},
	gender		= {sm},
	langid		= {english},
}

@book{corbett2006,
	author		= {Greville G. Corbett},
	title		= {Agreement},
	publisher	= {Cambridge University Press},
	location	= {Cambridge},
	date		= {2006},
	series		= {Cambridge Textbooks in Linguistics},
	gender		= {sm},
	langid		= {english},
}

@book{dal2014,
	author		= {Ingerid Dal and Hans-Werner Eroms},
	title		= {Kurze deutsche Syntax auf historischer Grundlage},
	edition		= {4},
	location	= {Berlin},
	publisher	= {De Gruyter},
	date		= {2014},
	series		= {Sammlung kurzer Grammatiken germanischer Dialekte, B. Ergänzungsreihe},
	number		= {7},
	doi			= {10.1515/9783110335163},
	gender		= {sf},
	langid		= {german},
}

@book{deboor1988,
	title		= {Das Nibelungenlied},
	titleaddon	= {Nach der Ausgabe von Karl Bartsch},
	editor		= {Helmut de Boor and Roswitha Wisniewski},
	edition		= {22},
	location	= {Mannheim},
	publisher	= {Brockhaus},
	date		= {1988},
	series		= {Deutsche Klassiker des Mittelalters},
	gender		= {sm},
	langid		= {german},
}

@book{delbrueck1900,
	author		= {Berthold Delbrück},
	title		= {Vergleichende Syntax der indogermanischen Sprachen},
	volume		= {3},
	location	= {Berlin},
	publisher	= {De Gruyter \& Co.},
	date		= {1967},
	origdate	= {1900},
	series	= {Grundriss der vergleichenden Grammatik der indogermanischen
Sprachen},
	number		= {5},
	gender		= {sm},
	langid		= {german},
}

@book{fleischerschallert2011,
	author		= {Jürg Fleischer and Oliver Schallert},
	title		= {Historische Syntax des Deutschen},
	subtitle	= {Eine Einführung},
	publisher	= {Narr},
	series		= {Narr Studienbücher},
	location	= {Tübingen},
	date		= {2011},
	gender		= {pm},
	langid		= {german},
}


@book{fritzmeierbruegger2021,
	author		= {Matthias Fritz and Michael Meier-Brügger},
	title		= {Indogermanische Sprachwissenschaft},
	edition		= {10},
	location	= {Berlin},
	publisher	= {De Gruyter},
	date		= {2021},
	doi			= {10.1515/9783110661767},
	gender		= {sm},
	langid		= {german},
}

@incollection{gaertner1999,
	author		= {Kurt Gärtner},
	title		= {Vorauer Handschrift 276},
	booktitle	= {Ver\-fas\-ser\-le\-xi\-kon},
	booksubtitle	= {Die deutsche Literatur des Mittelalters},
	editor		= {Kurt Ruh and Gundolf Keil and Werner Schröder and Burghart Wachinger and Franz Josef Worstbrock and Christine Stöllinger},
	edition		= {2},
	publisher	= {De Gruyter},
	location	= {Berlin},
	volume		= {10},
	booktitle	= {Ulrich von Lilienfeld -- \enquote*{Das zwölfjährige Mönchlein}},
	date		= {1999},
	pages		= {516--521},
	gender		= {sm},
	langid		= {german},
}

@article{gjelsten1980,
	author		= {Bodil Gjelsten},
	title		= {Mhd. \mkbibitalic{beide/beidiu \dots\ und\mkbibparens{e}}},
	subtitle	= {Kritische Bewertung einer Distributionsregel},
	journaltitle	= {Nordic Journal of Linguistics},
	volume		= {3},
	number		= {2},
	date		= {1980},
	pages		= {183--205},
	doi			= {10.1017/S0332586500000585},
	gender		= {sf},
	langid		= {german},
}

@book{grimm1848,
	author		= {Jacob Grimm},
	title		= {Geschichte der deutschen Sprache},
	volume		= {2},
	location	= {Leipzig},
	publisher	= {Weidmann},
	date		= {1848},
	gender		= {sm},
	langid		= {german},
}

@book{grimm1890,
	author		= {Jacob Grimm},
	title		= {Deutsche Grammatik},
	edition		= {2},
	editor		= {Gustav Roethe and Edward Schröder},
	volume		= {3},
	location	= {Gütersloh},
	publisher	= {Bertelsmann},
	date		= {1890},
	gender		= {sm},
	langid		= {german},
}

@book{grimm1898,
	author		= {Jacob Grimm},
	title		= {Deutsche Grammatik},
	edition		= {2},
	editor		= {Gustav Roethe and Edward Schröder},
	volume		= {4},
	location	= {Gütersloh},
	publisher	= {Bertelsmann},
	date		= {1898},
	gender		= {sm},
	langid		= {german},
}

@incollection{hock2008,
	author		= {Hans Henrich Hock},
	title		= {Early {G}ermanic Agreement with Mixed-Gender Antecedents with Focus on the History of {G}erman},
	booktitle	= {Proceedings of the 19th Annual {UCLA} {I}ndo-{E}uropean Conference},
	booksubtitle	= {Los {A}ngeles, 2007},
	editor		= {Karlene Jones-Bley and Martin E. Huld and Angela {Della Volpe} and Miriam Robbins Dexter},
	series		= {Journal of Indo-European Studies Monograph Series},
	number		= {54},
	location	= {Washington},
	publisher	= {Institute for the Study of Man},
	year		= {2008},
	pages		= {151--170},
	gender		= {sm},
	langid		= {english},
}

@incollection{hock2009,
	author		= {Hans Henrich Hock},
	title		= {Default, animacy, avoidance},
	subtitle	= {Diachronic and synchronic agreement variations with mixed-gender antecedents},
	booktitle	= {Grammatical Change in {I}ndo-{E}uropean Languages},
	booksubtitle	= {Papers presented at the workshop on {I}ndo-{E}uropean Linguistics at the {XVIIIth} International Conference on Historical Linguistics, {M}ontreal, 2007},
	editor		= {Vít Bubeník and John Hewson and Sarah Rose},
	series		= {Amsterdam Studies in the Theory and History of Linguistic Science, Series IV -- Current Issues in Linguistic Theory},
	number		= {305},
	location	= {Amsterdam},
	publisher	= {John Benjamins},
	year		= {2009},
	pages		= {29--42},
	doi			= {10.1075/cilt.305.06hoc},
	gender		= {sm},
	langid		= {english},
}

@incollection{hock2012,
	author		= {Hans Henrich Hock},
	title		= {Issues in {S}anskrit Agreement},
	booktitle	= {Indic across the Millenia},
	booksubtitle	= {From the {R}igveda to Modern {I}ndo-{A}ryan},
	editor		= {Jared S. Klein and Kazuhiko Yoshida},
	location	= {Bremen},
	publisher	= {Hempen},
	year		= {2012},
	pages		= {49--58},
	gender		= {sm},
	langid		= {english},
}

@online{hsc,
	editor		= {Nathanael Busch and Jürgen Wolf},
	sortkey		= {BuschWolf},
	title		= {Handschriftencensus},
	subtitle	= {Eine Bestandsaufnahme der handschriftlichen Überlieferung deutschsprachiger Texte des Mittelalters},
	organization	= {Akademie der Wissenschaften und der Literatur Mainz and Philipps-\allowbreak{}Universität Marburg},
	location	= {Mainz and Marburg},
	year		= {2006\psqq},
	url			= {https://handschriftencensus.de},
	urldate		= {2018-11-26},
	langid		= {german},
}

@collection{iwdigital,
	editor		= {Victor Millet and Emilio {González Miranda} and Lorena {Pérez Ben}},
	title		= {Iwein -- digital},
	location	= {Heidelberg},
	publisher	= {Universitätsbibliothek Heidelberg},
	year		= {2022\psqq},
	doi			= {10.11588/edition.iwd},
	url			= {http://digi.ub.uni-heidelberg.de/iwd},
	urldate		= {2022-04-11},
	gender		= {pp},
	langid		= {german},
}

@incollection{kaplanbresnan1982,
	author		= {Ronald M. Kaplan and Joan Bresnan},
	title		= {Lexical-functional grammar},
	subtitle	= {A formal system for grammatical representation},
	editor		= {Joan Bresnan},
	booktitle		= {The mental representation of grammatical relations},
	location	= {Cambridge},
	publisher	= {MIT Press},
	date		= {1982},
	series		= {MIT Press Series on Cognitive Theory and Mental Representation},
	pages		= {173--281},
	gender		= {pp},
	langid		= {english},
}

@collection{kcdigital,
	editor		= {Mark Chinca and Helen Hunter and Jürgen Wolf and Christopher Young},
	title		= {Kaiserchronik digital},
	location	= {Heidelberg},
	publisher	= {Universitätsbibliothek Heidelberg},
	date		= {2018},
	% doi			= {10.11588/edition.kcd},
	url			= {https://digi.ub.uni-heidelberg.de/kcd/},
	urldate		= {2018-11-26},
	gender		= {pp},
	langid		= {german},
}

@book{knechtschirok2003,
	editor		= {Bernd Schirok and Peter Knecht},
	title		= {Wolfram von Eschenbach},
	subtitle	= {Parzival},
	titleaddon	= {Mittelhochdeutscher Text nach der 6.~Ausgabe von Karl Lachmann. Studienausgabe},
	edition		= {2},
	location	= {Berlin},
	publisher	= {De Gruyter},
	date		= {2003},
	gender		= {pm},
	langid		= {german},
}

@book{ksw2,
	editor		= {Thomas Klein and Hans-Joachim Solms and Klaus-Peter Wegera},
	maintitle	= {Mittelhochdeutsche Grammatik},
	title		= {Flexionsmorphologie},
	volume		= {2},
	location	= {Berlin},
	publisher	= {De Gruyter},
	date		= {2018},
	doi			= {10.1515/9783110523522},
	gender		= {pm},
	langid		= {german},
}

@book{ksw3,
	editor		= {Thomas Klein and Hans-Joachim Solms and Klaus-Peter Wegera},
	maintitle	= {Mittelhochdeutsche Grammatik},
	title		= {Wortbildung},
	volume		= {3},
	location	= {Berlin},
	publisher	= {De Gruyter},
	date		= {2009},
	doi			= {10.1515/9783110971835},
	gender		= {pm},
	langid		= {german},
}

@book{lachmannhartl1952,
	editor		= {Karl Lachmann and Eduard Hartl},
	maintitle	= {Wolfram von Eschenbach},
	volume		= {1},
	title		= {Lieder, {P}arzival und {T}iturel},
	shorttitle	= {Parzival},
	edition		= {7},
	location	= {Berlin},
	publisher	= {De Gruyter \& Co.},
	date		= {1952},
	gender		= {pm},
	langid		= {german},
	ids			= {parzival},
}

@online{ldmdigital,
	editor		= {Manuel Braun and Sonja Glauch and Florian Kragl},
	title		= {Lyrik des deutschen Mittelalters},
	subtitle	= {Digitale Edition},
	organization	= {Friedrich-Alexander-Universität Erlangen-Nürnberg and Universität Stuttgart},
	location	= {Erlangen and Stuttgart},
	year		= {2012\psqq},
	url			= {http://www.ldm-digital.de},
	urldate		= {2021-01-18},
	gender		= {pp},
	langid		= {german},
}

@book{lehmann2015,
	author		= {Christian Lehmann},
	title		= {Thoughts on grammaticalization},
	edition		= {3},
	publisher	= {Language Science Press},
	location	= {Berlin},
	date		= {2015},
	series		= {Classics in Linguistics},
	number		= {1},
	doi			= {10.17169/langsci.b88.98},
	gender		= {sm},
	langid		= {english},
}

@online{lgr,
	author      = {Bernard Comrie and Martin Haspelmath and Balthasar Bickel},
	title       = {Leipzig glossing rules},
	subtitle    = {Conventions for interlinear morpheme-by-morpheme glosses},
	location    = {Leipzig},
	organization    = {Max-Planck-Institut für evolutionäre Anthropologie and Universität Leipzig},
	url         = {https://www.eva.mpg.de/lingua/resources/glossing-rules.php},
	date        = {2015-05-31},
	urldate     = {2019-11-14},
	gender      = {pm},
	langid      = {english},
}

@book{maroldschroeder1969,
	editor		= {Karl Marold and Werner Schröder},
	title		= {Gottfried von Straßburg},
	subtitle	= {Tristan},
	shorttitle	= {Tristan},
	sorttitle	= {Tristan},
	edition		= {3},
	location	= {Berlin},
	publisher	= {De Gruyter \& Co.},
	date		= {1969},
	gender		= {sm},
	langid		= {german},
	ids			= {tristan},
}

@book{mertens2004,
	title		= {Hartmann von Aue},
	subtitle	= {Gregorius, Der arme Heinrich, Iwein},
	editor		= {Volker Mertens},
	location	= {Frankfurt a.\,M.},
	publisher	= {Deutscher Klassiker Verlag},
	year		= {2004},
	series		= {Bibliothek des Mittelalters},
	number		= {6},
	gender		= {sm},
	langid		= {german},
}

@incollection{nellmann1983,
	author		= {Eberhard Nellmann},
	title		= {Kaiserchronik},
	maintitle		= {Ver\-fas\-ser\-le\-xi\-kon},
	mainsubtitle	= {Die deutsche Literatur des Mittelalters},
	booktitle		= {Hildegard von Hürnheim -- Koburger, Heinrich},
	editor		= {Kurt Ruh and Gundolf Keil and Werner Schröder and Burghart Wachinger and Franz Josef Worstbrock and Christine Stöllinger},
	edition		= {2},
	publisher	= {De Gruyter},
	location	= {Berlin},
	volume		= {4},
	date		= {1983},
	pages		= {949--964},
	gender		= {sm},
	langid		= {german},
}

@collection{parzivalprojekt,
	editor		= {Michael Stolz},
	title		= {Wolfram von Eschenbach},
	subtitle	= {Parzival},
	titleaddon	= {Digitale Edition, Parzival-Projekt},
	location	= {Bern},
	publisher	= {Universität Bern},
	year		= {2002\psqq},
	sortyear	= {2002},
	url			= {https://parzival.unibe.ch/parzdb/},
	urldate		= {2023-07-22},
	gender		= {sm},
	langid		= {german},
}


@book{paul2007,
	author		= {Hermann Paul and Thomas Klein and Hans-Joachim Solms and Klaus-Peter Wegera and Ingeborg Schröbler and Heinz-Peter Prell},
	title		= {Mittelhochdeutsche Grammatik},
	edition		= {25},
	series		= {Sammlung kurzer Grammatiken germanischer Dialekte, A. Hauptreihe},
	number		= {2},
	publisher	= {Niemeyer},
	location	= {Tübingen},
	date		= {2007},
	doi			= {10.1515/9783110942354},
	gender		= {sm},
	langid		= {german},
}

@online{postgresql,
	title		= {PostgreSQL},
	subtitle	= {The world's most advanced open source relational database},
	organization	= {The {P}ostgreSQL global development group},
	year		= {1996\psqq},
	url			= {https://www.postgresql.org},
	urldate		= {2018-10-23},
	gender		= {pp},
	langid		= {english},
}

@book{reichmannwegera1993,
	editor		= {Oskar Reichmann and Klaus-Peter Wegera},
	title		= {Frühneuhochdeutsche Grammatik},
	series		= {Sammlung kurzer Grammatiken germanischer Dialekte, A. Hauptreihe},
	number		= {12},
	publisher	= {Niemeyer},
	location	= {Tübingen},
	date		= {1993},
	gender		= {pm},
	langid		= {german},
}

@online{rem,
	editor		= {Thomas Klein and Klaus-Peter Wegera and Stefanie Dipper and Claudia Wich-Reif},
	title		= {Referenzkorpus Mittelhochdeutsch (1050--1350)},
	titleaddon	= {Version 1.0},
	organization	= {Ruhr-\allowbreak{}Universität Bochum and Rheinische Friedrich-\allowbreak{}Wilhelms-\allowbreak{}Universität Bonn},
	location	= {Bochum and Bonn},
	date		= {2016},
	url			= {https://linguistics.rub.de/rem/},
	urldate		= {2018-08-20},
	gender		= {pp},
	langid		= {german},
}

@book{schroeder1895,
	editor		= {Edward Schröder},
	title		= {Kaiserchronik eines {R}egensburger Geistlichen},
	maintitle	= {Deutsche Chroniken und andere Geschichtsbücher des Mittelalters},
	shorttitle	= {Kaiserchronik},
	volume		= {1},
	publisher	= {Hahn},
	location	= {Hannover},
	date		= {1895},
	series		= {Monumenta Germaniae Historica},
	number		= {1},
	gender		= {sm},
	langid		= {german},
	ids			= {kc},
}

@book{schulze2011,
	author		= {Ursula Schulze},
	title		= {Studien zur Erforschung der deutschsprachigen Urkunden des 13. Jahrhunderts},
	location	= {Berlin},
	publisher	= {Erich Schmidt},
	date		= {2011},
	gender		= {sf},
	langid		= {german},
}

@article{sportiche1988,
	author		= {Dominique Sportiche},
	title		= {A theory of floating quantifiers and its corollaries for constituent structure},
	journaltitle	= {Linguistic Inquiry},
	volume		= {19},
	number		= {3},
	date		= {1988},
	pages		= {425--449},
	gender		= {sm},
	langid		= {english},
}

@book{thrainsson2004,
	author      = {Höskuldur Thráinsson and Hjalmar P. Petersen and {Jógvan í Lon} Jacobsen and Zakaris Svabo Hansen},
	title		= {Faroese},
	subtitle	= {An overview and reference grammar},
	location	= {Tórshavn},
	publisher	= {Føroya Fróðskaparfelag},
	date		= {2004},
	gender		= {pm},
	langid		= {english},
}

@book{walchhaeckel1988,
	editor		= {Hugo Moser and Hugo Stopp and Werner Besch},
	maintitle		= {Grammatik des Frühneuhochdeutschen},
	mainsubtitle	= {Beiträge zur Laut- und Formenlehre},
	location	= {Heidelberg},
	publisher	= {Winter},
	series		= {Germanistische Bibliothek, 1.~Reihe: Sprachwissenschaftliche Lehr- und Elementarbücher},
	author		= {Maria Walch and Susanne Häckel},
	title		= {Flexion der Pronomina und Numeralia},
	volume		= {7},
	date		= {1988},
	gender		= {pf},
	langid		= {german},
}

@incollection{wechsler2009,
	author		= {Stephen Wechsler},
	title		= {\enquote{Elsewhere} in gender resolution},
	editor		= {Kristin Hanson and Sharon Inkelas},
	booktitle	= {The nature of the word},
	booksubtitle	= {Studies in honor of {P}aul {K}iparsky},
	location	= {Cambridge},
	publisher	= {MIT Press},
	date		= {2009},
	series		= {Current Studies in Linguistics},
	pages		= {567--586},
	gender		= {sm},
	langid		= {english},
}

@book{wechslerzlatic2003,
	author		= {Stephen Wechsler and Larisa Zlatić},
	title		= {The many faces of agreement},
	publisher	= {CSLI Publications},
	location	= {Stanford},
	date		= {2003},
	series		= {Stanford Monographs in Linguistics},
	gender		= {pp},
	langid		= {english},
}

@incollection{wegera2000,
	author		= {Klaus-Peter Wegera},
	title		= {Grundlagenprobleme einer mittelhochdeutschen Grammatik},
	editor		= {Werner Besch and Anne Betten and Oskar Reichmann and Stefan Sonderegger},
	booktitle	= {Sprachgeschichte},
	booksubtitle	= {Ein Handbuch zur Geschichte der deutschen Sprache und ihrer Erforschung},
	volume		= {2},
	edition		= {2},
	publisher	= {De Gruyter},
	location	= {Berlin},
	date		= {2000},
	series		= {Handbücher zur Sprach- und Kommunikationswissenschaft},
	number		= {2},
	doi			= {10.1515/9783110194166},
	pages		= {1304--1320},
	gender		= {sm},
	langid		= {german},
}

@book{wmu1,
	editor		= {Bettina Kirschstein and Ursula Schulze},
	maintitle	= {Wörterbuch der mittelhochdeutschen Urkundensprache auf der Grundlage des \mkbibitalic{Corpus der altdeutschen Originalurkunden bis zum Jahr 1300}},
	location	= {Berlin},
	publisher	= {Erich Schmidt},
	gender		= {pf},
	langid		= {german},
	volume		= {1},
	title		= {\mkbibitalic{ab} bis \mkbibitalic{hinnen}},
	shorttitle	= {WMU~1},
	shorthand	= {WMU~1},
	date		= {1994},
}

@book{wmu2,
	editor		= {Bettina Kirschstein and Ursula Schulze},
	maintitle	= {Wörterbuch der mittelhochdeutschen Urkundensprache auf der Grundlage des \mkbibitalic{Corpus der altdeutschen Originalurkunden bis zum Jahr 1300}},
	location	= {Berlin},
	publisher	= {Erich Schmidt},
	gender		= {pf},
	langid		= {german},
	volume		= {2},
	title		= {\mkbibitalic{hinnen dar} bis \mkbibitalic{swester}},
	shorttitle	= {WMU~2},
	shorthand	= {WMU~2},
	date		= {2003},
}

@book{wmu3,
	editor		= {Bettina Kirschstein and Ursula Schulze},
	maintitle	= {Wörterbuch der mittelhochdeutschen Urkundensprache auf der Grundlage des \mkbibitalic{Corpus der altdeutschen Originalurkunden bis zum Jahr 1300}},
	location	= {Berlin},
	publisher	= {Erich Schmidt},
	gender		= {pf},
	langid		= {german},
	volume		= {3},
	title		= {\mkbibitalic{swesterkint} bis \mkbibitalic{zwîvelrede}},
	shorttitle	= {WMU~3},
	shorthand	= {WMU~3},
	date		= {2010},
}

@book{woellstein2022,
	editor		= {Angelika Wöllstein},
	title		= {Die {G}rammatik},
	sorttitle	= {Grammatik},
	edition		= {10},
	series		= {Duden},
	number		= {4},
	location	= {Berlin},
	publisher	= {Dudenverlag},
	date		= {2022},
	gender		= {pp},
	langid		= {german},
}

@incollection{wolf2008,
	author		= {Jürgen Wolf},
	title		= {Die Kaiserchronikfassungen {A}, {B} und {C} oder {D}ie Gleichzeitigkeit des Ungleichzeitigen},
	editor		= {Michael Szurawitzki and Christopher M. Schmidt},
	booktitle	= {Interdisziplinäre Germanistik im Schnittpunkt der Kulturen},
	booksubtitle	= {Festschrift für {D}agmar {N}euendorff zum 60.~Geburtstag},
	location	= {Würzburg},
	publisher	= {Königshausen \& Neumann},
	date		= {2008},
	pages		= {91--108},
	gender		= {sm},
	langid		= {german},
}
